<?xml version="1.0" encoding="UTF-8"?><collection xmlns="http://www.loc.gov/MARC21/slim"><record><leader>00465nam--2200145-i-4500</leader><controlfield tag="001">000010676</controlfield><controlfield tag="002">20161230</controlfield><controlfield tag="005">20170306225601</controlfield><controlfield tag="008">060222s1000------------r-----000-0-eng-d</controlfield><datafield ind1=" " ind2=" " tag="100"><subfield code="a">Carles, Pierre</subfield></datafield><datafield ind1=" " ind2=" " tag="245"><subfield code="a">Contribution a l etude fonctionnelle hemodynamique et isotopique des bronchopneumopathies chroniques</subfield><subfield code="b">these</subfield></datafield><datafield ind1=" " ind2=" " tag="260"><subfield code="a">Toulouse</subfield><subfield code="b">Universite Paul Sabatier</subfield><subfield code="c">1971</subfield></datafield><datafield ind1=" " ind2=" " tag="300"><subfield code="a">122 p. + VIII Tabl</subfield></datafield><datafield ind1=" " ind2=" " tag="852"><subfield code="a">616:621.039.83</subfield></datafield><datafield ind1=" " ind2=" " tag="CAT"><subfield code="a">SYS</subfield><subfield code="c">20170306</subfield><subfield code="h">225601</subfield></datafield></record></collection>